@article{kappel,
	Author = {Christian Kappel},
	Journal = {Lecture series},
	Title = {Bioimage Analysis & Extended Phenotyping},
	Year = {2016}}

@InProceedings{leafsnap,
    author = {Neeraj Kumar and Peter N. Belhumeur and Arijit Biswas and David W. Jacobs and W. John Kress and Ida Lopez and Jo√£o V. B. Soares},
    title = {Leafsnap: A Computer Vision System for Automatic Plant Species Identification},
    booktitle = {The 12th European Conference on Computer Vision (ECCV)},
    month = {October},
    year = {2012}}
